@article{aebersold,
   author = {Aebersold, R.},
   title = {A stress test for mass spectrometry-based proteomics},
   journal = {Nat Methods},
   volume = {6},
   number = {6},
   pages = {411-2},
   DOI = {10.1038/nmeth.f.255},
   url = {http://www.ncbi.nlm.nih.gov/pubmed/19448640},
   year = {2009},
   type = {Journal Article}
}

@article{msbp,
   author = {Aebersold, R. and Mann, M.},
   title = {Mass spectrometry-based proteomics},
   journal = {Nature},
   volume = {422},
   number = {6928},
   pages = {198-207},
   DOI = {10.1038/nature01511},
   url = {http://www.ncbi.nlm.nih.gov/pubmed/12634793},
   year = {2003},
   type = {Journal Article}
}

@article{inseq,
   author = {Bailey, D. J. and Rose, C. M. and McAlister, G. C. and Brumbaugh, J. and Yu, P. and Wenger, C. D. and Westphall, M. S. and Thomson, J. A. and Coon, J. J.},
   title = {Instant spectral assignment for advanced decision tree-driven mass spectrometry},
   journal = {Proc Natl Acad Sci U S A},
   volume = {109},
   number = {22},
   pages = {8411-6},
   DOI = {10.1073/pnas.1205292109},
   url = {http://www.ncbi.nlm.nih.gov/pubmed/22586074},
   year = {2012},
   type = {Journal Article}
}

@article{quant,
   author = {Bantscheff, M. and Schirle, M. and Sweetman, G. and Rick, J. and Kuster, B.},
   title = {Quantitative mass spectrometry in proteomics: a critical review},
   journal = {Anal Bioanal Chem},
   volume = {389},
   number = {4},
   pages = {1017-31},
   DOI = {10.1007/s00216-007-1486-6},
   url = {http://www.ncbi.nlm.nih.gov/pubmed/17668192},
   year = {2007},
   type = {Journal Article}
}

@article{bateman,
   author = {Bateman, N. W. and Goulding, S. P. and Shulman, N. and Gadok, A. K. and Szumlinski, K. K. and Maccoss, M. J. and Wu, C. C.},
   title = {Maximizing peptide identification events in proteomic workflows utilizing data-dependent acquisition},
   journal = {Mol Cell Proteomics},
   DOI = {10.1074/mcp.M112.026500},
   url = {http://www.ncbi.nlm.nih.gov/pubmed/23820513},
   year = {2013},
   type = {Journal Article}
}

@article{pepminer,
   author = {Beer, I. and Barnea, E. and Ziv, T. and Admon, A.},
   title = {Improving large-scale proteomics by clustering of mass spectrometry data},
   journal = {Proteomics},
   volume = {4},
   number = {4},
   pages = {950-60},
   DOI = {10.1002/pmic.200300652},
   url = {http://www.ncbi.nlm.nih.gov/pubmed/15048977},
   year = {2004},
   type = {Journal Article}
}

@article{targetdecoy,
   author = {Elias, J. E. and Gygi, S. P.},
   title = {Target-decoy search strategy for increased confidence in large-scale protein identifications by mass spectrometry},
   journal = {Nat Methods},
   volume = {4},
   number = {3},
   pages = {207-14},
   DOI = {10.1038/nmeth1019},
   url = {http://www.ncbi.nlm.nih.gov/pubmed/17327847},
   year = {2007},
   type = {Journal Article}
}

@article{sequest,
   author = {Eng, J. K. and McCormack, A. L. and Yates, J. R.},
   title = {An approach to correlate tandem mass spectral data of peptides with amino acid sequences in a protein database},
   journal = {J Am Soc Mass Spectrom},
   volume = {5},
   number = {11},
   pages = {976-89},
   DOI = {10.1016/1044-0305(94)80016-2},
   url = {http://www.ncbi.nlm.nih.gov/pubmed/24226387},
   year = {1994},
   type = {Journal Article}
}

@article{gallien,
   author = {Gallien, S. and Duriez, E. and Crone, C. and Kellmann, M. and Moehring, T. and Domon, B.},
   title = {Targeted proteomic quantification on quadrupole-orbitrap mass spectrometer},
   journal = {Mol Cell Proteomics},
   volume = {11},
   number = {12},
   pages = {1709-23},
   DOI = {10.1074/mcp.O112.019802},
   url = {http://www.ncbi.nlm.nih.gov/pubmed/22962056},
   year = {2012},
   type = {Journal Article}
}

@article{omssa,
   author = {Geer, L. Y. and Markey, S. P. and Kowalak, J. A. and Wagner, L. and Xu, M. and Maynard, D. M. and Yang, X. and Shi, W. and Bryant, S. H.},
   title = {Open mass spectrometry search algorithm},
   journal = {J Proteome Res},
   volume = {3},
   number = {5},
   pages = {958-64},
   DOI = {10.1021/pr0499491},
   url = {http://www.ncbi.nlm.nih.gov/pubmed/15473683},
   year = {2004},
   type = {Journal Article}
}

@article{graumann,
   author = {Graumann, J. and Scheltema, R. A. and Zhang, Y. and Cox, J. and Mann, M.},
   title = {A framework for intelligent data acquisition and real-time database searching for shotgun proteomics},
   journal = {Mol Cell Proteomics},
   volume = {11},
   number = {3},
   pages = {M111 013185},
   DOI = {10.1074/mcp.M111.013185},
   url = {http://www.ncbi.nlm.nih.gov/pubmed/22171319},
   year = {2012},
   type = {Journal Article}
}

@article{onehour,
   author = {Hebert, A. S. and Richards, A. L. and Bailey, D. J. and Ulbrich, A. and Coughlin, E. E. and Westphall, M. S. and Coon, J. J.},
   title = {The One Hour Yeast Proteome},
   journal = {Mol Cell Proteomics},
   DOI = {10.1074/mcp.M113.034769},
   url = {http://www.ncbi.nlm.nih.gov/pubmed/24143002},
   year = {2013},
   type = {Journal Article}
}

@article{panda,
   author = {Hoopmann, M. R. and Merrihew, G. E. and von Haller, P. D. and MacCoss, M. J.},
   title = {Post analysis data acquisition for the iterative MS/MS sampling of proteomics mixtures},
   journal = {J Proteome Res},
   volume = {8},
   number = {4},
   pages = {1870-5},
   DOI = {10.1021/pr800828p},
   url = {http://www.ncbi.nlm.nih.gov/pubmed/19256536},
   year = {2009},
   type = {Journal Article}
}

@article{ideker,
   author = {Ideker, T. and Thorsson, V. and Ranish, J. A. and Christmas, R. and Buhler, J. and Eng, J. K. and Bumgarner, R. and Goodlett, D. R. and Aebersold, R. and Hood, L.},
   title = {Integrated genomic and proteomic analyses of a systematically perturbed metabolic network},
   journal = {Science},
   volume = {292},
   number = {5518},
   pages = {929-34},
   DOI = {10.1126/science.292.5518.929},
   url = {http://www.ncbi.nlm.nih.gov/pubmed/11340206},
   year = {2001},
   type = {Journal Article}
}

@article{pepper,
   author = {Jaffe, J. D. and Mani, D. R. and Leptos, K. C. and Church, G. M. and Gillette, M. A. and Carr, S. A.},
   title = {PEPPeR, a platform for experimental proteomic pattern recognition},
   journal = {Mol Cell Proteomics},
   volume = {5},
   number = {10},
   pages = {1927-41},
   DOI = {10.1074/mcp.M600222-MCP200},
   url = {http://www.ncbi.nlm.nih.gov/pubmed/16857664},
   year = {2006},
   type = {Journal Article}
}

@article{isrm,
   author = {Kiyonami, R. and Schoen, A. and Prakash, A. and Peterman, S. and Zabrouskov, V. and Picotti, P. and Aebersold, R. and Huhmer, A. and Domon, B.},
   title = {Increased selectivity, analytical precision, and throughput in targeted proteomics},
   journal = {Mol Cell Proteomics},
   volume = {10},
   number = {2},
   pages = {M110 002931},
   DOI = {10.1074/mcp.M110.002931},
   url = {http://www.ncbi.nlm.nih.gov/pubmed/20664071},
   year = {2011},
   type = {Journal Article}
}

@article{ssrcalc2,
   author = {Krokhin, O. V.},
   title = {Sequence-specific retention calculator. Algorithm for peptide retention prediction in ion-pair RP-HPLC: application to 300- and 100-A pore size C18 sorbents},
   journal = {Anal Chem},
   volume = {78},
   number = {22},
   pages = {7785-95},
   DOI = {10.1021/ac060777w},
   url = {http://www.ncbi.nlm.nih.gov/pubmed/17105172},
   year = {2006},
   type = {Journal Article}
}

@article{ssrcalc,
   author = {Krokhin, O. V. and Craig, R. and Spicer, V. and Ens, W. and Standing, K. G. and Beavis, R. C. and Wilkins, J. A.},
   title = {An improved model for prediction of retention times of tryptic peptides in ion pair reversed-phase HPLC: its application to protein peptide mapping by off-line HPLC-MALDI MS},
   journal = {Mol Cell Proteomics},
   volume = {3},
   number = {9},
   pages = {908-19},
   DOI = {10.1074/mcp.M400031-MCP200},
   url = {http://www.ncbi.nlm.nih.gov/pubmed/15238601},
   year = {2004},
   type = {Journal Article}
}

@article{lange,
   author = {Lange, V. and Picotti, P. and Domon, B. and Aebersold, R.},
   title = {Selected reaction monitoring for quantitative proteomics: a tutorial},
   journal = {Mol Syst Biol},
   volume = {4},
   pages = {222},
   DOI = {10.1038/msb.2008.61},
   url = {http://www.ncbi.nlm.nih.gov/pubmed/18854821},
   year = {2008},
   type = {Journal Article}
}

@article{lin,
   author = {Lin, H. and He, L. and Ma, B.},
   title = {A combinatorial approach to the peptide feature matching problem for label-free quantification},
   journal = {Bioinformatics},
   volume = {29},
   number = {14},
   pages = {1768-75},
   DOI = {10.1093/bioinformatics/btt274},
   url = {http://www.ncbi.nlm.nih.gov/pubmed/23665772},
   year = {2013},
   type = {Journal Article}
}

@article{listgarten,
   author = {Listgarten, J. and Emili, A.},
   title = {Statistical and computational methods for comparative proteomic profiling using liquid chromatography-tandem mass spectrometry},
   journal = {Mol Cell Proteomics},
   volume = {4},
   number = {4},
   pages = {419-34},
   DOI = {10.1074/mcp.R500005-MCP200},
   url = {http://www.ncbi.nlm.nih.gov/pubmed/15741312},
   year = {2005},
   type = {Journal Article}
}

@article{liu,
   author = {Liu, H. and Sadygov, R. G. and Yates, J. R., 3rd},
   title = {A model for random sampling and estimation of relative protein abundance in shotgun proteomics},
   journal = {Anal Chem},
   volume = {76},
   number = {14},
   pages = {4193-201},
   DOI = {10.1021/ac0498563},
   url = {http://www.ncbi.nlm.nih.gov/pubmed/15253663},
   year = {2004},
   type = {Journal Article}
}

@article{tmt8,
   author = {McAlister, G. C. and Huttlin, E. L. and Haas, W. and Ting, L. and Jedrychowski, M. P. and Rogers, J. C. and Kuhn, K. and Pike, I. and Grothe, R. A. and Blethrow, J. D. and Gygi, S. P.},
   title = {Increasing the multiplexing capacity of TMTs using reporter ion isotopologues with isobaric masses},
   journal = {Anal Chem},
   volume = {84},
   number = {17},
   pages = {7469-78},
   DOI = {10.1021/ac301572t},
   url = {http://www.ncbi.nlm.nih.gov/pubmed/22880955},
   year = {2012},
   type = {Journal Article}
}

@article{100000,
   author = {Michalski, A. and Cox, J. and Mann, M.},
   title = {More than 100,000 detectable peptide species elute in single shotgun proteomics runs but the majority is inaccessible to data-dependent LC-MS/MS},
   journal = {J Proteome Res},
   volume = {10},
   number = {4},
   pages = {1785-93},
   DOI = {10.1021/pr101060v},
   url = {http://www.ncbi.nlm.nih.gov/pubmed/21309581},
   year = {2011},
   type = {Journal Article}
}

@article{orbielite,
   author = {Michalski, A. and Damoc, E. and Lange, O. and Denisov, E. and Nolting, D. and Muller, M. and Viner, R. and Schwartz, J. and Remes, P. and Belford, M. and Dunyach, J. J. and Cox, J. and Horning, S. and Mann, M. and Makarov, A.},
   title = {Ultra high resolution linear ion trap Orbitrap mass spectrometer (Orbitrap Elite) facilitates top down LC MS/MS and versatile peptide fragmentation modes},
   journal = {Mol Cell Proteomics},
   volume = {11},
   number = {3},
   pages = {O111 013698},
   DOI = {10.1074/mcp.O111.013698},
   url = {http://www.ncbi.nlm.nih.gov/pubmed/22159718},
   year = {2012},
   type = {Journal Article}
}

@article{molloy,
   author = {Molloy, M. P. and Brzezinski, E. E. and Hang, J. and McDowell, M. T. and VanBogelen, R. A.},
   title = {Overcoming technical variation and biological variation in quantitative proteomics},
   journal = {Proteomics},
   volume = {3},
   number = {10},
   pages = {1912-9},
   DOI = {10.1002/pmic.200300534},
   url = {http://www.ncbi.nlm.nih.gov/pubmed/14625853},
   year = {2003},
   type = {Journal Article}
}

@article{nagaraj,
   author = {Nagaraj, N. and Kulak, N. A. and Cox, J. and Neuhauser, N. and Mayr, K. and Hoerning, O. and Vorm, O. and Mann, M.},
   title = {System-wide perturbation analysis with nearly complete coverage of the yeast proteome by single-shot ultra HPLC runs on a bench top Orbitrap},
   journal = {Mol Cell Proteomics},
   volume = {11},
   number = {3},
   pages = {M111 013722},
   DOI = {10.1074/mcp.M111.013722},
   url = {http://www.ncbi.nlm.nih.gov/pubmed/22021278},
   year = {2012},
   type = {Journal Article}
}

@article{grouping,
   author = {Nesvizhskii, A. I. and Aebersold, R.},
   title = {Interpretation of shotgun proteomic data: the protein inference problem},
   journal = {Mol Cell Proteomics},
   volume = {4},
   number = {10},
   pages = {1419-40},
   DOI = {10.1074/mcp.R500012-MCP200},
   url = {http://www.ncbi.nlm.nih.gov/pubmed/16009968},
   year = {2005},
   type = {Journal Article}
}

@article{bigtime,
   author = {Nilsson, T. and Mann, M. and Aebersold, R. and Yates, J. R., 3rd and Bairoch, A. and Bergeron, J. J.},
   title = {Mass spectrometry in high-throughput proteomics: ready for the big time},
   journal = {Nat Methods},
   volume = {7},
   number = {9},
   pages = {681-5},
   DOI = {10.1038/nmeth0910-681},
   url = {http://www.ncbi.nlm.nih.gov/pubmed/20805795},
   year = {2010},
   type = {Journal Article}
}

@article{pachl,
   author = {Pachl, F. and Ruprecht, B. and Lemeer, S. and Kuster, B.},
   title = {Characterization of a high field Orbitrap mass spectrometer for proteome analysis},
   journal = {Proteomics},
   volume = {13},
   number = {17},
   pages = {2552-62},
   DOI = {10.1002/pmic.201300076},
   url = {http://www.ncbi.nlm.nih.gov/pubmed/23836775},
   year = {2013},
   type = {Journal Article}
}

@article{prm,
   author = {Peterson, A. C. and Russell, J. D. and Bailey, D. J. and Westphall, M. S. and Coon, J. J.},
   title = {Parallel reaction monitoring for high resolution and high mass accuracy quantitative, targeted proteomics},
   journal = {Mol Cell Proteomics},
   volume = {11},
   number = {11},
   pages = {1475-88},
   DOI = {10.1074/mcp.O112.020131},
   url = {http://www.ncbi.nlm.nih.gov/pubmed/22865924},
   year = {2012},
   type = {Journal Article}
}

@article{petritis,
   author = {Petritis, K. and Kangas, L. J. and Yan, B. and Monroe, M. E. and Strittmatter, E. F. and Qian, W. J. and Adkins, J. N. and Moore, R. J. and Xu, Y. and Lipton, M. S. and Camp, D. G., 2nd and Smith, R. D.},
   title = {Improved peptide elution time prediction for reversed-phase liquid chromatography-MS by incorporating peptide sequence information},
   journal = {Anal Chem},
   volume = {78},
   number = {14},
   pages = {5026-39},
   DOI = {10.1021/ac060143p},
   url = {http://www.ncbi.nlm.nih.gov/pubmed/16841926},
   year = {2006},
   type = {Journal Article}
}

@article{picotti3,
   author = {Picotti, P. and Aebersold, R.},
   title = {Selected reaction monitoring-based proteomics: workflows, potential, pitfalls and future directions},
   journal = {Nat Methods},
   volume = {9},
   number = {6},
   pages = {555-66},
   DOI = {10.1038/nmeth.2015},
   url = {http://www.ncbi.nlm.nih.gov/pubmed/22669653},
   year = {2012},
   type = {Journal Article}
}

@article{picotti1,
   author = {Picotti, P. and Bodenmiller, B. and Mueller, L. N. and Domon, B. and Aebersold, R.},
   title = {Full dynamic range proteome analysis of S. cerevisiae by targeted proteomics},
   journal = {Cell},
   volume = {138},
   number = {4},
   pages = {795-806},
   DOI = {10.1016/j.cell.2009.05.051},
   url = {http://www.ncbi.nlm.nih.gov/pubmed/19664813},
   year = {2009},
   type = {Journal Article}
}

@article{picotti2,
   author = {Picotti, P. and Rinner, O. and Stallmach, R. and Dautel, F. and Farrah, T. and Domon, B. and Wenschuh, H. and Aebersold, R.},
   title = {High-throughput generation of selected reaction-monitoring assays for proteins and proteomes},
   journal = {Nat Methods},
   volume = {7},
   number = {1},
   pages = {43-6},
   DOI = {10.1038/nmeth.1408},
   url = {http://www.ncbi.nlm.nih.gov/pubmed/19966807},
   year = {2010},
   type = {Journal Article}
}

@article{prakash,
   author = {Prakash, A. and Mallick, P. and Whiteaker, J. and Zhang, H. and Paulovich, A. and Flory, M. and Lee, H. and Aebersold, R. and Schwikowski, B.},
   title = {Signal maps for mass spectrometry-based comparative proteomics},
   journal = {Mol Cell Proteomics},
   volume = {5},
   number = {3},
   pages = {423-32},
   DOI = {10.1074/mcp.M500133-MCP200},
   url = {http://www.ncbi.nlm.nih.gov/pubmed/16269421},
   year = {2006},
   type = {Journal Article}
}

@article{radulovic,
   author = {Radulovic, D. and Jelveh, S. and Ryu, S. and Hamilton, T. G. and Foss, E. and Mao, Y. and Emili, A.},
   title = {Informatics platform for global proteomic profiling and biomarker discovery using liquid chromatography-tandem mass spectrometry},
   journal = {Mol Cell Proteomics},
   volume = {3},
   number = {10},
   pages = {984-97},
   DOI = {10.1074/mcp.M400061-MCP200},
   url = {http://www.ncbi.nlm.nih.gov/pubmed/15269249},
   year = {2004},
   type = {Journal Article}
}

@article{bigsrm,
   author = {Sabido, E. and Wu, Y. and Bautista, L. and Porstmann, T. and Chang, C. Y. and Vitek, O. and Stoffel, M. and Aebersold, R.},
   title = {Targeted proteomics reveals strain-specific changes in the mouse insulin and central metabolic pathways after a sustained high-fat diet},
   journal = {Mol Syst Biol},
   volume = {9},
   pages = {681},
   DOI = {10.1038/msb.2013.36},
   url = {http://www.ncbi.nlm.nih.gov/pubmed/23860498},
   year = {2013},
   type = {Journal Article}
}

@article{sadygov,
   author = {Sadygov, R. G. and Cociorva, D. and Yates, J. R., 3rd},
   title = {Large-scale database searching using tandem mass spectra: looking up the answer in the back of the book},
   journal = {Nat Methods},
   volume = {1},
   number = {3},
   pages = {195-202},
   DOI = {10.1038/nmeth725},
   url = {http://www.ncbi.nlm.nih.gov/pubmed/15789030},
   year = {2004},
   type = {Journal Article}
}

@article{savitski,
   author = {Savitski, M. M. and Fischer, F. and Mathieson, T. and Sweetman, G. and Lang, M. and Bantscheff, M.},
   title = {Targeted data acquisition for improved reproducibility and robustness of proteomic mass spectrometry assays},
   journal = {J Am Soc Mass Spectrom},
   volume = {21},
   number = {10},
   pages = {1668-79},
   DOI = {10.1016/j.jasms.2010.01.012},
   url = {http://www.ncbi.nlm.nih.gov/pubmed/20171116},
   year = {2010},
   type = {Journal Article}
}

@article{shen,
   author = {Shen, Y. and Strittmatter, E. F. and Zhang, R. and Metz, T. O. and Moore, R. J. and Li, F. and Udseth, H. R. and Smith, R. D. and Unger, K. K. and Kumar, D. and Lubda, D.},
   title = {Making broad proteome protein measurements in 1-5 min using high-speed RPLC separations and high-accuracy mass measurements},
   journal = {Anal Chem},
   volume = {77},
   number = {23},
   pages = {7763-73},
   DOI = {10.1021/ac051257o},
   url = {http://www.ncbi.nlm.nih.gov/pubmed/16316187},
   year = {2005},
   type = {Journal Article}
}

@article{smith,
   author = {Smith, R. D. and Anderson, G. A. and Lipton, M. S. and Pasa-Tolic, L. and Shen, Y. and Conrads, T. P. and Veenstra, T. D. and Udseth, H. R.},
   title = {An accurate mass tag strategy for quantitative and high-throughput proteome measurements},
   journal = {Proteomics},
   volume = {2},
   number = {5},
   pages = {513-23},
   DOI = {10.1002/1615-9861(200205)2:5<513::AID-PROT513>3.0.CO;2-W},
   url = {http://www.ncbi.nlm.nih.gov/pubmed/11987125},
   year = {2002},
   type = {Journal Article}
}

@article{spicer,
   author = {Spicer, V. and Grigoryan, M. and Gotfrid, A. and Standing, K. G. and Krokhin, O. V.},
   title = {Predicting retention time shifts associated with variation of the gradient slope in peptide RP-HPLC},
   journal = {Anal Chem},
   volume = {82},
   number = {23},
   pages = {9678-85},
   DOI = {10.1021/ac102228a},
   url = {http://www.ncbi.nlm.nih.gov/pubmed/21049933},
   year = {2010},
   type = {Journal Article}
}

@article{tabb,
   author = {Tabb, D. L. and Vega-Montoto, L. and Rudnick, P. A. and Variyath, A. M. and Ham, A. J. and Bunk, D. M. and Kilpatrick, L. E. and Billheimer, D. D. and Blackman, R. K. and Cardasis, H. L. and Carr, S. A. and Clauser, K. R. and Jaffe, J. D. and Kowalski, K. A. and Neubert, T. A. and Regnier, F. E. and Schilling, B. and Tegeler, T. J. and Wang, M. and Wang, P. and Whiteaker, J. R. and Zimmerman, L. J. and Fisher, S. J. and Gibson, B. W. and Kinsinger, C. R. and Mesri, M. and Rodriguez, H. and Stein, S. E. and Tempst, P. and Paulovich, A. G. and Liebler, D. C. and Spiegelman, C.},
   title = {Repeatability and reproducibility in proteomic identifications by liquid chromatography-tandem mass spectrometry},
   journal = {J Proteome Res},
   volume = {9},
   number = {2},
   pages = {761-76},
   DOI = {10.1021/pr9006365},
   url = {http://www.ncbi.nlm.nih.gov/pubmed/19921851},
   year = {2010},
   type = {Journal Article}
}

@article{thakur,
   author = {Thakur, S. S. and Geiger, T. and Chatterjee, B. and Bandilla, P. and Frohlich, F. and Cox, J. and Mann, M.},
   title = {Deep and highly sensitive proteome coverage by LC-MS/MS without prefractionation},
   journal = {Mol Cell Proteomics},
   volume = {10},
   number = {8},
   pages = {M110 003699},
   DOI = {10.1074/mcp.M110.003699},
   url = {http://www.ncbi.nlm.nih.gov/pubmed/21586754},
   year = {2011},
   type = {Journal Article}
}

@article{venable,
   author = {Venable, J. D. and Dong, M. Q. and Wohlschlegel, J. and Dillin, A. and Yates, J. R.},
   title = {Automated approach for quantitative analysis of complex peptide mixtures from tandem mass spectra},
   journal = {Nat Methods},
   volume = {1},
   number = {1},
   pages = {39-45},
   DOI = {10.1038/nmeth705},
   url = {http://www.ncbi.nlm.nih.gov/pubmed/15782151},
   year = {2004},
   type = {Journal Article}
}

@article{mudpit,
   author = {Washburn, M. P. and Wolters, D. and Yates, J. R., 3rd},
   title = {Large-scale analysis of the yeast proteome by multidimensional protein identification technology},
   journal = {Nat Biotechnol},
   volume = {19},
   number = {3},
   pages = {242-7},
   DOI = {10.1038/85686},
   url = {http://www.ncbi.nlm.nih.gov/pubmed/11231557},
   year = {2001},
   type = {Journal Article}
}

@article{webber,
   author = {Webber, J. T. and Askenazi, M. and Ficarro, S. B. and Iglehart, M. A. and Marto, J. A.},
   title = {Library dependent LC-MS/MS acquisition via mzAPI/Live},
   journal = {Proteomics},
   volume = {13},
   number = {9},
   pages = {1412-6},
   DOI = {10.1002/pmic.201200583},
   url = {http://www.ncbi.nlm.nih.gov/pubmed/23457059},
   year = {2013},
   type = {Journal Article}
}

@article{compass,
   author = {Wenger, C. D. and Phanstiel, D. H. and Lee, M. V. and Bailey, D. J. and Coon, J. J.},
   title = {COMPASS: a suite of pre- and post-search proteomics software tools for OMSSA},
   journal = {Proteomics},
   volume = {11},
   number = {6},
   pages = {1064-74},
   DOI = {10.1002/pmic.201000616},
   url = {http://www.ncbi.nlm.nih.gov/pubmed/21298793},
   year = {2011},
   type = {Journal Article}
}

@article{tmt82,
   author = {Werner, T. and Becher, I. and Sweetman, G. and Doce, C. and Savitski, M. M. and Bantscheff, M.},
   title = {High-resolution enabled TMT 8-plexing},
   journal = {Anal Chem},
   volume = {84},
   number = {16},
   pages = {7188-94},
   DOI = {10.1021/ac301553x},
   url = {http://www.ncbi.nlm.nih.gov/pubmed/22881393},
   year = {2012},
   type = {Journal Article}
}

@article{mrm,
   author = {Wolf-Yadlin, A. and Hautaniemi, S. and Lauffenburger, D. A. and White, F. M.},
   title = {Multiple reaction monitoring for robust quantitative proteomic analysis of cellular signaling networks},
   journal = {Proc Natl Acad Sci U S A},
   volume = {104},
   number = {14},
   pages = {5860-5},
   DOI = {10.1073/pnas.0608638104},
   url = {http://www.ncbi.nlm.nih.gov/pubmed/17389395},
   year = {2007},
   type = {Journal Article}
}

@article{mudpit2,
   author = {Wolters, D. A. and Washburn, M. P. and Yates, J. R., 3rd},
   title = {An automated multidimensional protein identification technology for shotgun proteomics},
   journal = {Anal Chem},
   volume = {73},
   number = {23},
   pages = {5683-90},
   url = {http://www.ncbi.nlm.nih.gov/pubmed/11774908},
   year = {2001},
   type = {Journal Article}
}

@article{zhang,
   author = {Zhang, H. and Yi, E. C. and Li, X. J. and Mallick, P. and Kelly-Spratt, K. S. and Masselon, C. D. and Camp, D. G., 2nd and Smith, R. D. and Kemp, C. J. and Aebersold, R.},
   title = {High throughput quantitative analysis of serum proteins using glycopeptide capture and liquid chromatography mass spectrometry},
   journal = {Mol Cell Proteomics},
   volume = {4},
   number = {2},
   pages = {144-55},
   DOI = {10.1074/mcp.M400090-MCP200},
   url = {http://www.ncbi.nlm.nih.gov/pubmed/15608340},
   year = {2005},
   type = {Journal Article}
}

