@inproceedings{transform,
   author = {Bailey, D.J. and McAlister, G. C. and Rose, C. M. and Hebert, A. S. and Wenger, C. and Lee, M. and Westphall, M. S. and Coon, J. J.},
   title = {How High Mass Accuracy Measurements Will Transform Targeted Proteomics},
   booktitle = {Proceedings of the 59th ASMS Conference on Mass Spectrometry and Allied Topics},
   address = {Denver, Colorado},
   publisher = {ASMS},
   year = {2011},
   type = {Conference Proceedings}
}

@article{dynamicrange,
   author = {Bakalarski, C. E. and Elias, J. E. and Villen, J. and Haas, W. and Gerber, S. A. and Everley, P. A. and Gygi, S. P.},
   title = {The Impact of Peptide Abundance and Dynamic Range on Stable-Isotope-Based Quantitative Proteomic Analyses},
   journal = {Journal of Proteome Research},
   volume = {7},
   number = {11},
   pages = {4756-4765},
   keywords = {mass spectrometry
quantitation
dynamic range
computational algorithms
scale phosphorylation analysis
trap mass-spectrometer
ion-trap
DNA-damage
accuracy
search
identifications
performance
networks
reagents},
   ISSN = {1535-3893},
   DOI = {Doi 10.1021/Pr800333e},
   url = {<Go to ISI>://000260792000015
http://pubs.acs.org/doi/pdfplus/10.1021/pr800333e},
   year = {2008},
   type = {Journal Article}
}

@article{ascore,
   author = {Beausoleil, S. A. and Villen, J. and Gerber, S. A. and Rush, J. and Gygi, S. P.},
   title = {A probability-based approach for high-throughput protein phosphorylation analysis and site localization},
   journal = {Nature Biotechnology},
   volume = {24},
   number = {10},
   pages = {1285-1292},
   keywords = {mass-spectrometry
phosphoproteomic analysis
identification
chromatography
pathway
cells},
   ISSN = {1087-0156},
   DOI = {Doi 10.1038/Nbt1240},
   url = {<Go to ISI>://000241191700033},
   year = {2006},
   type = {Journal Article}
}

@article{8plex,
   author = {Choe, L. and D'Ascenzo, M. and Relkin, N. R. and Pappin, D. and Ross, P. and Williamson, B. and Guertin, S. and Pribil, P. and Lee, K. H.},
   title = {8-Plex quantitation of changes in cerebrospinal fluid protein expression in subjects undergoing intravenous immunoglobulin treatment for Alzheimer's disease},
   journal = {Proteomics},
   volume = {7},
   number = {20},
   pages = {3651-3660},
   keywords = {alzheimer's disease
cerebrospinal fluid
immunotherapy
itraq
shotgun proteomics
proteomics
technology
antibodies},
   ISSN = {1615-9853},
   url = {<Go to ISI>://000250641500002},
   year = {2007},
   type = {Journal Article}
}

@article{haploid,
   author = {de Godoy, L. M. F. and Olsen, J. V. and Cox, J. and Nielsen, M. L. and Hubner, N. C. and Frohlich, F. and Walther, T. C. and Mann, M.},
   title = {Comprehensive mass-spectrometry-based proteome quantification of haploid versus diploid yeast},
   journal = {Nature},
   volume = {455},
   number = {7217},
   pages = {1251-U60},
   keywords = {saccharomyces-cerevisiae
sequence databases
global analysis
identification
expression
silac
proteins
genomics
pathway
gels},
   ISSN = {0028-0836},
   DOI = {Doi 10.1038/Nature07341},
   url = {<Go to ISI>://000260462100047},
   year = {2008},
   type = {Journal Article}
}

@article{sequest,
   author = {Eng, J. K. and Mccormack, A. L. and Yates, J. R.},
   title = {An Approach to Correlate Tandem Mass-Spectral Data of Peptides with Amino-Acid-Sequences in a Protein Database},
   journal = {Journal of the American Society for Mass Spectrometry},
   volume = {5},
   number = {11},
   pages = {976-989},
   keywords = {computer-program
spectrometry
identification
electrospray
information
ionization},
   ISSN = {1044-0305},
   url = {<Go to ISI>://A1994PP71300004},
   year = {1994},
   type = {Journal Article}
}

@article{omssa,
   author = {Geer, L. Y. and Markey, S. P. and Kowalak, J. A. and Wagner, L. and Xu, M. and Maynard, D. M. and Yang, X. Y. and Shi, W. Y. and Bryant, S. H.},
   title = {Open mass spectrometry search algorithm},
   journal = {Journal of Proteome Research},
   volume = {3},
   number = {5},
   pages = {958-964},
   keywords = {protein identification
algorithm
bioinformatics
mass spectrometry
proteomics
significance testing
protein identification
sequence databases
spectral data
peptides
model
validation
blast},
   ISSN = {1535-3893},
   DOI = {Doi 10.1021/Pr0499491},
   url = {<Go to ISI>://000224693800005
http://pubs.acs.org/doi/pdfplus/10.1021/pr0499491},
   year = {2004},
   type = {Journal Article}
}

@article{mqrt,
   author = {Graumann, J. and Scheltema, R. A. and Zhang, Y. and Cox, J. and Mann, M.},
   title = {A framework for intelligent data acquisition and real-time database searching for shotgun proteomics},
   journal = {Molecular \& Cellular Proteomics : MCP},
   ISSN = {1535-9484 (Electronic)
1535-9476 (Linking)},
   DOI = {10.1074/mcp.M111.013185},
   url = {http://www.ncbi.nlm.nih.gov/pubmed/22171319
http://www.mcponline.org/content/early/2011/12/13/mcp.M111.013185.full.pdf},
   year = {2011},
   type = {Journal Article}
}

@article{pheromone,
   author = {Gruhler, A. and Olsen, J. V. and Mohammed, S. and Mortensen, P. and Faergeman, N. J. and Mann, M. and Jensen, O. N.},
   title = {Quantitative phosphoproteomics applied to the yeast pheromone signaling pathway},
   journal = {Molecular \& Cellular Proteomics},
   volume = {4},
   number = {3},
   pages = {310-327},
   keywords = {assisted-laser-desorption/ionization
fe(iii) affinity-chromatography
dissociation mass-spectrometry
electron-capture dissociation
alpha-factor receptor
cell-cycle arrest
saccharomyces-cerevisiae
budding-yeast
posttranslational modifications
proteomic analysis},
   ISSN = {1535-9476},
   DOI = {DOI 10.1074/mcp.M400219-MCP200},
   url = {<Go to ISI>://000227618000008},
   year = {2005},
   type = {Journal Article}
}

@article{panda,
   author = {Hoopmann, M. R. and Merrihew, G. E. and von Haller, P. D. and MacCoss, M. J.},
   title = {Post Analysis Data Acquisition for the Iterative MS/MS Sampling of Proteomics Mixtures},
   journal = {Journal of Proteome Research},
   volume = {8},
   number = {4},
   pages = {1870-1875},
   keywords = {instrument control
technical replicates
high resolution
isotope distributions
fourier transform mass spectrometry
tandem mass-spectrometry
amino-acid-sequences
protein identification
shotgun proteomics
ion-trap
peptide identification
quantitative-analysis
complex peptide
yeast proteome
spectra},
   ISSN = {1535-3893},
   DOI = {Doi 10.1021/Pr800828p},
   url = {<Go to ISI>://000264928200026
http://pubs.acs.org/doi/pdfplus/10.1021/pr800828p},
   year = {2009},
   type = {Journal Article}
}

@article{incselect,
   author = {Kiyonami, R. and Schoen, A. and Prakash, A. and Peterman, S. and Zabrouskov, V. and Picotti, P. and Aebersold, R. and Huhmer, A. and Domon, B.},
   title = {Increased Selectivity, Analytical Precision, and Throughput in Targeted Proteomics},
   journal = {Molecular \& Cellular Proteomics},
   volume = {10},
   number = {2},
   pages = {-},
   keywords = {mass-spectrometry
proteins
assays
plasma
peptides
yeast
ms},
   ISSN = {1535-9476},
   DOI = {DOI 10.1074/mcp.M110.002931},
   url = {<Go to ISI>://000287846500018
http://www.mcponline.org/content/10/2/M110.002931.full.pdf},
   year = {2011},
   type = {Journal Article}
}

@article{ssrcalc2,
   author = {Krokhin, O. V.},
   title = {Sequence-specific retention calculator. Algorithm for peptide retention prediction in ion-pair RP-HPLC: Application to 300-and 100-angstrom pore size C18 sorbents},
   journal = {Analytical Chemistry},
   volume = {78},
   number = {22},
   pages = {7785-7795},
   keywords = {performance liquid-chromatography
reversed-phase chromatography
flight mass-spectrometry
amino-acid-residues
protein identification
gradient elution
times
tandem
model
environments},
   ISSN = {0003-2700},
   DOI = {Doi 10.1021/Ac060777w},
   url = {<Go to ISI>://000242021400024
http://pubs.acs.org/doi/pdfplus/10.1021/ac060777w},
   year = {2006},
   type = {Journal Article}
}

@article{ssrcalc1,
   author = {Krokhin, O. V. and Craig, R. and Spicer, V. and Ens, W. and Standing, K. G. and Beavis, R. C. and Wilkins, J. A.},
   title = {An improved model for prediction of retention times of tryptic peptides in ion pair reversed-phase HPLC - Its application to protein peptide mapping by off-line HPLC-MALDI MS},
   journal = {Molecular \& Cellular Proteomics},
   volume = {3},
   number = {9},
   pages = {908-919},
   keywords = {flight mass-spectrometry
performance liquid-chromatography
capillary-electrophoresis
identification
proteomics
ionization
resolution
elution
electrospray
interface},
   ISSN = {1535-9476},
   DOI = {DOI 10.1074/mcp.M400031-MCP200},
   url = {<Go to ISI>://000223961700006
http://www.mcponline.org/content/3/9/908.full.pdf},
   year = {2004},
   type = {Journal Article}
}

@article{leeyeast,
   author = {Lee, M. V. and Topper, S. E. and Hubler, S. L. and Hose, J. and Wenger, C. D. and Coon, J. J. and Gasch, A. P.},
   title = {A dynamic model of proteome changes reveals new roles for transcript alteration in yeast},
   journal = {Molecular Systems Biology},
   volume = {7},
   keywords = {dynamics
modeling
proteomics
stress
transcriptomics
genome-wide analysis
saccharomyces-cerevisiae
messenger-rna
gene-expression
ribosome biosynthesis
growth-rate
translational response
environmental-changes
quantitative-analysis
feedforward loop},
   ISSN = {1744-4292},
   DOI = {Artn 514
Doi 10.1038/Msb.2011.48},
   url = {<Go to ISI>://000293351900013},
   year = {2011},
   type = {Journal Article}
}

@article{bmp,
   author = {Lengerke, C. and Schmitt, S. and Bowman, T. V. and Jang, I. H. and Maouche-Chretien, L. and McKinney-Freeman, S. and Davidson, A. J. and Hammerschmidt, M. and Rentzsch, F. and Green, J. B. A. and Zon, L. I. and Daley, G. Q.},
   title = {BMP and Wnt specify hematopoietic fate by activation of the Cdx-Hox pathway},
   journal = {Cell Stem Cell},
   volume = {2},
   number = {1},
   pages = {72-82},
   keywords = {embryonic stem-cells
bone morphogenetic protein-4
acute myeloid-leukemia
mouse embryo
definitive hematopoiesis
primitive streak
gene-expression
yolk-sac
hemangioblast development
mesoderm formation},
   ISSN = {1934-5909},
   DOI = {DOI 10.1016/j.stem.2007.10.022},
   url = {<Go to ISI>://000252606400013},
   year = {2008},
   type = {Journal Article}
}

@article{irmpd,
   author = {Little, D. P. and Speir, J. P. and Senko, M. W. and Oconnor, P. B. and Mclafferty, F. W.},
   title = {Infrared Multiphoton Dissociation of Large Multiply-Charged Ions for Biomolecule Sequencing},
   journal = {Analytical Chemistry},
   volume = {66},
   number = {18},
   pages = {2809-2815},
   keywords = {transform mass-spectrometry
surface-induced dissociation
laser-desorption ionization
large molecules
electrospray ionization
activated dissociation
peptide ions
gas-phase
photodissociation
collision},
   ISSN = {0003-2700},
   url = {<Go to ISI>://A1994PG63600007},
   year = {1994},
   type = {Journal Article}
}

@article{randomsampling,
   author = {Liu, H. B. and Sadygov, R. G. and Yates, J. R.},
   title = {A model for random sampling and estimation of relative protein abundance in shotgun proteomics},
   journal = {Analytical Chemistry},
   volume = {76},
   number = {14},
   pages = {4193-4201},
   keywords = {accurate mass tags
identification technology
saccharomyces-cerevisiae
quantitative-analysis
membrane-proteins
global analysis
yeast proteome
spectral data
spectrometry
expression},
   ISSN = {0003-2700},
   DOI = {Doi 10.1021/Ac0498563},
   url = {<Go to ISI>://000222706400045},
   year = {2004},
   type = {Journal Article}
}

@article{traphcd,
   author = {McAlister, G. C. and Phanstiel, D. H. and Brumbaugh, J. and Westphall, M. S. and Coon, J. J.},
   title = {Higher-energy Collision-activated Dissociation Without a Dedicated Collision Cell},
   journal = {Molecular \& Cellular Proteomics},
   volume = {10},
   number = {5},
   keywords = {mass-spectrometer
quantification
peptide
fragmentation
mobile
itraq},
   ISSN = {1535-9476},
   DOI = {DOI 10.1074/mcp.O111.009456},
   url = {<Go to ISI>://000290216700023},
   year = {2011},
   type = {Journal Article}
}

@article{qexactive,
   author = {Michalski, A. and Damoc, E. and Hauschild, J. P. and Lange, O. and Wieghaus, A. and Makarov, A. and Nagaraj, N. and Cox, J. and Mann, M. and Horning, S.},
   title = {Mass Spectrometry-based Proteomics Using Q Exactive, a High-performance Benchtop Quadrupole Orbitrap Mass Spectrometer},
   journal = {Molecular \& Cellular Proteomics},
   volume = {10},
   number = {9},
   keywords = {phase correction
c-trap
accuracy
dissociation
precision
spectra
range},
   ISSN = {1535-9476},
   DOI = {DOI 10.1074/mcp.M111.011015},
   url = {<Go to ISI>://000294729200017},
   year = {2011},
   type = {Journal Article}
}

@article{bigtime,
   author = {Nilsson, T. and Mann, M. and Aebersold, R. and Yates, J. R. and Bairoch, A. and Bergeron, J. J. M.},
   title = {Mass spectrometry in high-throughput proteomics: ready for the big time},
   journal = {Nature Methods},
   volume = {7},
   number = {9},
   pages = {681-685},
   keywords = {protein biomarkers
human genome
human-cells
in-vivo
quantification
repository
identifications
reproducibility
annotation
discovery},
   ISSN = {1548-7091},
   DOI = {DOI 10.1038/nmeth0910-681},
   url = {<Go to ISI>://000281429200007},
   year = {2010},
   type = {Journal Article}
}

@article{hcd,
   author = {Olsen, J. V. and Macek, B. and Lange, O. and Makarov, A. and Horning, S. and Mann, M.},
   title = {Higher-energy C-trap dissociation for peptide modification analysis},
   journal = {Nature Methods},
   volume = {4},
   number = {9},
   pages = {709-712},
   keywords = {mass-spectrometry
sequence databases
cell-culture
proteomics
identification
orbitrap},
   ISSN = {1548-7091},
   DOI = {Doi 10.1038/Nmeth1060},
   url = {<Go to ISI>://000249392000016},
   year = {2007},
   type = {Journal Article}
}

@article{twostage,
   author = {Olsen, J. V. and Mann, M.},
   title = {Improved peptide identification in proteomics by two consecutive stages of mass spectrometric fragmentation},
   journal = {Proceedings of the National Academy of Sciences of the United States of America},
   volume = {101},
   number = {37},
   pages = {13417-13422},
   keywords = {linear quadrupole ion trap
fourier transform ms
peptide sequencing
protein modification
induced dissociation spectra
protein identification
sequence databases
statistical-model
low-energy
ms/ms
nomenclature
algorithm
ions},
   ISSN = {0027-8424},
   DOI = {DOI 10.1073/pnas.0405549101},
   url = {<Go to ISI>://000223917900006},
   year = {2004},
   type = {Journal Article}
}

@article{ocean,
   author = {Panchaud, A. and Scherl, A. and Shaffer, S. A. and von Haller, P. D. and Kulasekara, H. D. and Miller, S. I. and Goodlett, D. R.},
   title = {Precursor Acquisition Independent From Ion Count: How to Dive Deeper into the Proteomics Ocean},
   journal = {Analytical Chemistry},
   volume = {81},
   number = {15},
   pages = {6481-6488},
   keywords = {tandem mass-spectrometry
gas-phase fractionation
plasma-proteome
shotgun proteomics
identification
peptides
proteins
mixtures
database
project},
   ISSN = {0003-2700},
   DOI = {Doi 10.1021/Ac900888s},
   url = {<Go to ISI>://000268455600066
http://pubs.acs.org/doi/pdfplus/10.1021/ac900888s},
   year = {2009},
   type = {Journal Article}
}

@article{mascot,
   author = {Perkins, D. N. and Pappin, D. J. C. and Creasy, D. M. and Cottrell, J. S.},
   title = {Probability-based protein identification by searching sequence databases using mass spectrometry data},
   journal = {Electrophoresis},
   volume = {20},
   number = {18},
   pages = {3551-3567},
   keywords = {protein identification
mass spectrometry
bioinformatics
peptides
spectra
information
tags
gels},
   ISSN = {0173-0835},
   url = {<Go to ISI>://000085044900009},
   year = {1999},
   type = {Journal Article}
}

@article{esips,
   author = {Phanstiel, D. H. and Brumbaugh, J. and Wenger, C. D. and Tian, S. L. and Probasco, M. D. and Bailey, D. J. and Swaney, D. L. and Tervo, M. A. and Bolin, J. M. and Ruotti, V. and Stewart, R. and Thomson, J. A. and Coon, J. J.},
   title = {Proteomic and phosphoproteomic comparison of human ES and iPS cells},
   journal = {Nature Methods},
   volume = {8},
   number = {10},
   pages = {821-U84},
   keywords = {pluripotent stem-cells
mass-spectrometry
human genome
rna-seq
gene
expression
dissociation
complex
phosphorylation
quantitation},
   ISSN = {1548-7091},
   DOI = {Doi 10.1038/Nmeth.1699},
   url = {<Go to ISI>://000295358000015
http://www.nature.com/nmeth/journal/v8/n10/pdf/nmeth.1699.pdf},
   year = {2011},
   type = {Journal Article}
}

@article{srm,
   author = {Picotti, P. and Rinner, O. and Stallmach, R. and Dautel, F. and Farrah, T. and Domon, B. and Wenschuh, H. and Aebersold, R.},
   title = {High-throughput generation of selected reaction-monitoring assays for proteins and proteomes},
   journal = {Nature Methods},
   volume = {7},
   number = {1},
   pages = {43-U5},
   keywords = {mass-spectrometry
plasma-proteins
peptides
yeast},
   ISSN = {1548-7091},
   DOI = {Doi 10.1038/Nmeth.1408},
   url = {<Go to ISI>://000273128300025},
   year = {2010},
   type = {Journal Article}
}

@article{integrated,
   author = {Schmidt, A. and Gehlenborg, N. and Bodenmiller, B. and Mueller, L. N. and Campbell, D. and Mueller, M. and Aebersold, R. and Domon, B.},
   title = {An Integrated, Directed Mass Spectrometric Approach for In-depth Characterization of Complex Peptide Mixtures},
   journal = {Molecular \& Cellular Proteomics},
   volume = {7},
   number = {11},
   pages = {2138-2150},
   keywords = {shotgun proteomics
measurement accuracy
statistical-model
identification
strategy
validation
abundance
networks
proteins
library},
   ISSN = {1535-9476},
   DOI = {DOI 10.1074/mcp.M700498-MCP200},
   url = {<Go to ISI>://000260893600006},
   year = {2008},
   type = {Journal Article}
}

@article{neutralloss,
   author = {Schroeder, M. J. and Shabanowitz, J. and Schwartz, J. C. and Hunt, D. F. and Coon, J. J.},
   title = {A neutral loss activation method for improved phosphopeptide sequence analysis by quadrupole ion trap mass spectrometry},
   journal = {Analytical Chemistry},
   volume = {76},
   number = {13},
   pages = {3590-3598},
   keywords = {phosphorylated proteins
identify serine
peptides
enrichment
identification
fragmentation
phosphoproteome
acid},
   ISSN = {0003-2700},
   url = {<Go to ISI>://000222418300024},
   year = {2004},
   type = {Journal Article}
}

@article{storey,
   author = {Storey, J. D. and Tibshirani, R.},
   title = {Statistical significance for genomewide studies},
   journal = {Proceedings of the National Academy of Sciences of the United States of America},
   volume = {100},
   number = {16},
   pages = {9440-9445},
   keywords = {false discovery rates
genomics
multiple hypothesis testing
q values
false discovery rates
exonic splicing enhancers
genetic dissection
breast-cancer
microarrays
apoptosis
linkage},
   ISSN = {0027-8424},
   DOI = {DOI 10.1073/pnas.1530509100},
   url = {<Go to ISI>://000184620000062
http://www.pnas.org/content/100/16/9440.full.pdf},
   year = {2003},
   type = {Journal Article}
}

@article{dtree,
   author = {Swaney, D. L. and McAlister, G. C. and Coon, J. J.},
   title = {Decision tree-driven tandem mass spectrometry for shotgun proteomics},
   journal = {Nature Methods},
   volume = {5},
   number = {11},
   pages = {959-964},
   keywords = {electron-transfer dissociation
quadrupole ion-trap
collision-induced dissociation
transfer ion/ion reactions
protein-sequence analysis
activation method
yeast proteome
peptide
phosphorylation
implementation},
   ISSN = {1548-7091},
   DOI = {Doi 10.1038/Nmeth.1260},
   url = {<Go to ISI>://000260532500016
http://www.nature.com/nmeth/journal/v5/n11/pdf/nmeth.1260.pdf},
   year = {2008},
   type = {Journal Article}
}

@article{etd,
   author = {Syka, J. E. P. and Coon, J. J. and Schroeder, M. J. and Shabanowitz, J. and Hunt, D. F.},
   title = {Peptide and protein sequence analysis by electron transfer dissociation mass spectrometry},
   journal = {Proceedings of the National Academy of Sciences of the United States of America},
   volume = {101},
   number = {26},
   pages = {9528-9533},
   keywords = {ion-cyclotron resonance
infrared multiphoton dissociation
top-down characterization
o-glycosylation sites
multiply-charged ions
capture dissociation
whole protein
posttranslational modifications
nonergodic process
high-sensitivity},
   ISSN = {0027-8424},
   DOI = {DOI 10.1073/pnas.0402700101},
   url = {<Go to ISI>://000222405600004},
   year = {2004},
   type = {Journal Article}
}

@article{dia,
   author = {Venable, J. D. and Dong, M. Q. and Wohlschlegel, J. and Dillin, A. and Yates, J. R.},
   title = {Automated approach for quantitative analysis of complex peptide mixtures from tandem mass spectra},
   journal = {Nature Methods},
   volume = {1},
   number = {1},
   pages = {39-45},
   keywords = {coded affinity tags
proteomic analysis
cell-culture
amino-acids
proteins
spectrometry
algorithm
ms/ms
silac},
   ISSN = {1548-7091},
   DOI = {Doi 10.1038/Nmeth705},
   url = {<Go to ISI>://000226753700017
http://www.nature.com/nmeth/journal/v1/n1/pdf/nmeth705.pdf},
   year = {2004},
   type = {Journal Article}
}

@article{mudpit,
   author = {Washburn, M. P. and Wolters, D. and Yates, J. R.},
   title = {Large-scale analysis of the yeast proteome by multidimensional protein identification technology},
   journal = {Nature Biotechnology},
   volume = {19},
   number = {3},
   pages = {242-247},
   keywords = {2-dimensional gel-electrophoresis
immobilized ph gradients
low-femtomole level
membrane h+-atpase
mass-spectrometry
saccharomyces-cerevisiae
sarcoplasmic-reticulum
escherichia-coli
messenger-rna
gene-products},
   ISSN = {1087-0156},
   url = {<Go to ISI>://000167283100024},
   year = {2001},
   type = {Journal Article}
}

@article{quantmode,
   author = {Wenger, C. D. and Lee, M. V. and Hebert, A. S. and McAlister, G. C. and Phanstiel, D. H. and Westphall, M. S. and Coon, J. J.},
   title = {Gas-phase purification enables accurate, multiplexed proteome quantification with isobaric tagging},
   journal = {Nature Methods},
   volume = {8},
   number = {11},
   pages = {933-935},
   keywords = {quantitation
expression
mixtures
proteins
yeast
ms/ms
tags},
   ISSN = {1548-7091},
   DOI = {Doi 10.1038/Nmeth.1716},
   url = {<Go to ISI>://000296891800015
http://www.nature.com/nmeth/journal/v8/n11/pdf/nmeth.1716.pdf},
   year = {2011},
   type = {Journal Article}
}

@article{subppm,
   author = {Wenger, C. D. and McAlister, G. C. and Xia, Q. W. and Coon, J. J.},
   title = {Sub-part-per-million Precursor and Product Mass Accuracy for High-throughput Proteomics on an Electron Transfer Dissociation-enabled Orbitrap Mass Spectrometer},
   journal = {Molecular \& Cellular Proteomics},
   volume = {9},
   number = {5},
   pages = {754-763},
   keywords = {ion-cyclotron resonance
automated gain-control
liquid-chromatography
space-charge
protein identification
high-resolution
peptide identification
ionization source
search algorithm
accumulation},
   ISSN = {1535-9476},
   DOI = {DOI 10.1074/mcp.M900541-MCP200},
   url = {<Go to ISI>://000279396700002},
   year = {2010},
   type = {Journal Article}
}

@article{7tmr,
   author = {Xiao, K. H. and Sun, J. P. and Kim, J. and Rajagopal, S. and Zhai, B. and Villen, J. and Haas, W. and Kovacs, J. J. and Shukla, A. K. and Hara, M. R. and Hernandez, M. and Lachmann, A. and Zhao, S. and Lin, Y. A. and Cheng, Y. S. and Mizuno, K. and Ma'ayan, A. and Gygi, S. P. and Lefkowitz, R. J.},
   title = {Global phosphorylation analysis of beta-arrestin-mediated signaling downstream of a seven transmembrane receptor (7TMR)},
   journal = {Proceedings of the National Academy of Sciences of the United States of America},
   volume = {107},
   number = {34},
   pages = {15299-15304},
   keywords = {g protein-coupled receptor
gpcr
phosphoproteome
mass-spectrometry
cell
activation
slingshot
network
cofilin
pathway
kinase},
   ISSN = {0027-8424},
   DOI = {DOI 10.1073/pnas.1008461107},
   url = {<Go to ISI>://000281311500065},
   year = {2010},
   type = {Journal Article}
}

@article{indexion,
   author = {Yan, W. and Luo, J. and Robinson, M. and Eng, J. and Aebersold, R. and Ranish, J.},
   title = {Index-ion Triggered MS2 Ion Quantification: A Novel Proteomics Approach for Reproducible Detection and Quantification of Targeted Proteins in Complex Mixtures},
   journal = {Molecular \& Cellular Proteomics},
   volume = {10},
   number = {3},
   keywords = {spectrometry-based proteomics
tandem mass-spectra
quantitative proteomics
peptide mixtures
plasma-proteins
cell-culture
amino-acids
identification
ms/ms
macrophages},
   ISSN = {1535-9476},
   DOI = {DOI 10.1074/mcp.M110.005611},
   url = {<Go to ISI>://000287847200024},
   year = {2011},
   type = {Journal Article}
}

@article{kdr,
   author = {Yang, L. and Soonpaa, M. H. and Adler, E. D. and Roepke, T. K. and Kattman, S. J. and Kennedy, M. and Henckaerts, E. and Bonham, K. and Abbott, G. W. and Linden, R. M. and Field, L. J. and Keller, G. M.},
   title = {Human cardiovascular progenitor cells develop from a KDR plus embryonic-stem-cell-derived population},
   journal = {Nature},
   volume = {453},
   number = {7194},
   pages = {524-U6},
   keywords = {smooth-muscle
heart
mouse
cardiogenesis
specification
mesoderm
differentiation
proliferation
requirement
expression},
   ISSN = {0028-0836},
   DOI = {Doi 10.1038/Nature06894},
   url = {<Go to ISI>://000256023700043},
   year = {2008},
   type = {Journal Article}
}

@article{nanog,
   author = {Yu, P. Z. and Pan, G. J. and Yu, J. Y. and Thomson, J. A.},
   title = {FGF2 Sustains NANOG and Switches the Outcome of BMP4-Induced Human Embryonic Stem Cell Differentiation},
   journal = {Cell Stem Cell},
   volume = {8},
   number = {3},
   pages = {326-334},
   keywords = {human es cells
bone morphogenetic protein-4
mesoderm induction
mouse epiblast
map kinase
xenopus embryos
brachyury t
dusp6 mkp3
pluripotency
expression},
   ISSN = {1934-5909},
   DOI = {DOI 10.1016/j.stem.2011.01.001},
   url = {<Go to ISI>://000288404400014},
   year = {2011},
   type = {Journal Article}
}

@article{itraqerror,
   author = {Zhang, Y. and Askenazi, M. and Jiang, J. R. and Luckey, C. J. and Griffin, J. D. and Marto, J. A.},
   title = {A Robust Error Model for iTRAQ Quantification Reveals Divergent Signaling between Oncogenic FLT3 Mutants in Acute Myeloid Leukemia},
   journal = {Molecular \& Cellular Proteomics},
   volume = {9},
   number = {5},
   pages = {780-790},
   keywords = {multiplexed protein quantitation
tyrosine-phosphatase shp-1
hybrid mass-spectrometer
liquid-chromatography
negative regulation
variance function
noise model
ion-trap
bcr-abl
kinase},
   ISSN = {1535-9476},
   DOI = {DOI 10.1074/mcp.M900452-MCP200},
   url = {<Go to ISI>://000279396700004
http://www.mcponline.org/content/9/5/780
http://www.mcponline.org/content/9/5/780.full.pdf},
   year = {2010},
   type = {Journal Article}
}

