@article{dda1,
   author = {Dongre, A. R. and Eng, J. K. and Yates, J. R., 3rd},
   title = {Emerging tandem-mass-spectrometry techniques for the rapid identification of proteins},
   journal = {Trends Biotechnol},
   volume = {15},
   number = {10},
   pages = {418-25},
   DOI = {10.1016/S0167-7799(97)01110-4},
   url = {http://www.ncbi.nlm.nih.gov/pubmed/9351286},
   year = {1997},
   type = {Journal Article}
}

@article{dda2,
   author = {Ducret, A. and Van Oostveen, I. and Eng, J. K. and Yates, J. R., 3rd and Aebersold, R.},
   title = {High throughput protein characterization by automated reverse-phase chromatography/electrospray tandem mass spectrometry},
   journal = {Protein Sci},
   volume = {7},
   number = {3},
   pages = {706-19},
   DOI = {10.1002/pro.5560070320},
   url = {http://www.ncbi.nlm.nih.gov/pubmed/9541403},
   year = {1998},
   type = {Journal Article}
}

@article{prm2,
   author = {Gallien, S. and Duriez, E. and Crone, C. and Kellmann, M. and Moehring, T. and Domon, B.},
   title = {Targeted proteomic quantification on quadrupole-orbitrap mass spectrometer},
   journal = {Mol Cell Proteomics},
   volume = {11},
   number = {12},
   pages = {1709-23},
   DOI = {10.1074/mcp.O112.019802},
   url = {http://www.ncbi.nlm.nih.gov/pubmed/22962056},
   year = {2012},
   type = {Journal Article}
}

@article{swath,
   author = {Gillet, L. C. and Navarro, P. and Tate, S. and Rost, H. and Selevsek, N. and Reiter, L. and Bonner, R. and Aebersold, R.},
   title = {Targeted data extraction of the MS/MS spectra generated by data-independent acquisition: a new concept for consistent and accurate proteome analysis},
   journal = {Mol Cell Proteomics},
   volume = {11},
   number = {6},
   pages = {O111 016717},
   DOI = {10.1074/mcp.O111.016717},
   url = {http://www.ncbi.nlm.nih.gov/pubmed/22261725},
   year = {2012},
   type = {Journal Article}
}

@article{onehour,
   author = {Hebert, A. S. and Richards, A. L. and Bailey, D. J. and Ulbrich, A. and Coughlin, E. E. and Westphall, M. S. and Coon, J. J.},
   title = {The one hour yeast proteome},
   journal = {Mol Cell Proteomics},
   volume = {13},
   number = {1},
   pages = {339-47},
   DOI = {10.1074/mcp.M113.034769},
   url = {http://www.ncbi.nlm.nih.gov/pubmed/24143002},
   year = {2014},
   type = {Journal Article}
}

@article{panda,
   author = {Hoopmann, M. R. and Merrihew, G. E. and von Haller, P. D. and MacCoss, M. J.},
   title = {Post analysis data acquisition for the iterative MS/MS sampling of proteomics mixtures},
   journal = {J Proteome Res},
   volume = {8},
   number = {4},
   pages = {1870-5},
   DOI = {10.1021/pr800828p},
   url = {http://www.ncbi.nlm.nih.gov/pubmed/19256536},
   year = {2009},
   type = {Journal Article}
}

@article{isrm,
   author = {Kiyonami, R. and Schoen, A. and Prakash, A. and Peterman, S. and Zabrouskov, V. and Picotti, P. and Aebersold, R. and Huhmer, A. and Domon, B.},
   title = {Increased selectivity, analytical precision, and throughput in targeted proteomics},
   journal = {Mol Cell Proteomics},
   volume = {10},
   number = {2},
   pages = {M110 002931},
   DOI = {10.1074/mcp.M110.002931},
   url = {http://www.ncbi.nlm.nih.gov/pubmed/20664071},
   year = {2011},
   type = {Journal Article}
}

@article{mrm3,
   author = {Lange, V. and Picotti, P. and Domon, B. and Aebersold, R.},
   title = {Selected reaction monitoring for quantitative proteomics: a tutorial},
   journal = {Mol Syst Biol},
   volume = {4},
   pages = {222},
   DOI = {10.1038/msb.2008.61},
   url = {http://www.ncbi.nlm.nih.gov/pubmed/18854821},
   year = {2008},
   type = {Journal Article}
}

@article{mrm1,
   author = {Ong, S. E. and Mann, M.},
   title = {Mass spectrometry-based proteomics turns quantitative},
   journal = {Nat Chem Biol},
   volume = {1},
   number = {5},
   pages = {252-62},
   DOI = {10.1038/nchembio736},
   url = {http://www.ncbi.nlm.nih.gov/pubmed/16408053},
   year = {2005},
   type = {Journal Article}
}

@article{
   author = {Peterson, A. C. and Russell, J. D. and Bailey, D. J. and Westphall, M. S. and Coon, J. J.},
   title = {Parallel reaction monitoring for high resolution and high mass accuracy quantitative, targeted proteomics},
   journal = {Mol Cell Proteomics},
   volume = {11},
   number = {11},
   pages = {1475-88},
   DOI = {10.1074/mcp.O112.020131},
   url = {http://www.ncbi.nlm.nih.gov/pubmed/22865924},
   year = {2012},
   type = {Journal Article}
}

@article{mse,
   author = {Plumb, R. S. and Johnson, K. A. and Rainville, P. and Smith, B. W. and Wilson, I. D. and Castro-Perez, J. M. and Nicholson, J. K.},
   title = {UPLC/MS(E); a new approach for generating molecular fragment information for biomarker structure elucidation},
   journal = {Rapid Commun Mass Spectrom},
   volume = {20},
   number = {13},
   pages = {1989-94},
   DOI = {10.1002/rcm.2550},
   url = {http://www.ncbi.nlm.nih.gov/pubmed/16755610},
   year = {2006},
   type = {Journal Article}
}

@article{dia1,
   author = {Purvine, S. and Eppel, J. T. and Yi, E. C. and Goodlett, D. R.},
   title = {Shotgun collision-induced dissociation of peptides using a time of flight mass analyzer},
   journal = {Proteomics},
   volume = {3},
   number = {6},
   pages = {847-50},
   DOI = {10.1002/pmic.200300362},
   url = {http://www.ncbi.nlm.nih.gov/pubmed/12833507},
   year = {2003},
   type = {Journal Article}
}

@article{dia2,
   author = {Venable, J. D. and Dong, M. Q. and Wohlschlegel, J. and Dillin, A. and Yates, J. R.},
   title = {Automated approach for quantitative analysis of complex peptide mixtures from tandem mass spectra},
   journal = {Nat Methods},
   volume = {1},
   number = {1},
   pages = {39-45},
   DOI = {10.1038/nmeth705},
   url = {http://www.ncbi.nlm.nih.gov/pubmed/15782151},
   year = {2004},
   type = {Journal Article}
}

@article{mudpit,
   author = {Washburn, M. P. and Wolters, D. and Yates, J. R., 3rd},
   title = {Large-scale analysis of the yeast proteome by multidimensional protein identification technology},
   journal = {Nat Biotechnol},
   volume = {19},
   number = {3},
   pages = {242-7},
   DOI = {10.1038/85686},
   url = {http://www.ncbi.nlm.nih.gov/pubmed/11231557},
   year = {2001},
   type = {Journal Article}
}

@article{proteomics,
   author = {Wilkins, M. R. and Pasquali, C. and Appel, R. D. and Ou, K. and Golaz, O. and Sanchez, J. C. and Yan, J. X. and Gooley, A. A. and Hughes, G. and Humphery-Smith, I. and Williams, K. L. and Hochstrasser, D. F.},
   title = {From proteins to proteomes: large scale protein identification by two-dimensional electrophoresis and amino acid analysis},
   journal = {Biotechnology (N Y)},
   volume = {14},
   number = {1},
   pages = {61-5},
   url = {http://www.ncbi.nlm.nih.gov/pubmed/9636313},
   year = {1996},
   type = {Journal Article}
}

@article{mrm2,
   author = {Wolf-Yadlin, A. and Hautaniemi, S. and Lauffenburger, D. A. and White, F. M.},
   title = {Multiple reaction monitoring for robust quantitative proteomic analysis of cellular signaling networks},
   journal = {Proc Natl Acad Sci U S A},
   volume = {104},
   number = {14},
   pages = {5860-5},
   DOI = {10.1073/pnas.0608638104},
   url = {http://www.ncbi.nlm.nih.gov/pubmed/17389395},
   year = {2007},
   type = {Journal Article}
}

