@article{blast,
   author = {Altschul, S. F. and Gish, W. and Miller, W. and Myers, E. W. and Lipman, D. J.},
   title = {Basic local alignment search tool},
   journal = {J Mol Biol},
   volume = {215},
   number = {3},
   pages = {403-10},
   DOI = {10.1016/S0022-2836(05)80360-2},
   url = {http://www.ncbi.nlm.nih.gov/pubmed/2231712},
   year = {1990},
   type = {Journal Article}
}

@article{ascore,
   author = {Beausoleil, S. A. and Villen, J. and Gerber, S. A. and Rush, J. and Gygi, S. P.},
   title = {A probability-based approach for high-throughput protein phosphorylation analysis and site localization},
   journal = {Nat Biotechnol},
   volume = {24},
   number = {10},
   pages = {1285-92},
   DOI = {10.1038/nbt1240},
   url = {http://www.ncbi.nlm.nih.gov/pubmed/16964243},
   year = {2006},
   type = {Journal Article}
}

@article{targetdecoycomp,
   author = {Blanco, L. and Mead, J. A. and Bessant, C.},
   title = {Comparison of novel decoy database designs for optimizing protein identification searches using ABRF sPRG2006 standard MS/MS data sets},
   journal = {J Proteome Res},
   volume = {8},
   number = {4},
   pages = {1782-91},
   url = {http://www.ncbi.nlm.nih.gov/pubmed/19714810},
   year = {2009},
   type = {Journal Article}
}

@article{targetdecoy,
   author = {Elias, J. E. and Gygi, S. P.},
   title = {Target-decoy search strategy for increased confidence in large-scale protein identifications by mass spectrometry},
   journal = {Nat Methods},
   volume = {4},
   number = {3},
   pages = {207-14},
   DOI = {10.1038/nmeth1019},
   url = {http://www.ncbi.nlm.nih.gov/pubmed/17327847},
   year = {2007},
   type = {Journal Article}
}

@article{sequest,
   author = {Eng, J. K. and McCormack, A. L. and Yates, J. R.},
   title = {An approach to correlate tandem mass spectral data of peptides with amino acid sequences in a protein database},
   journal = {J Am Soc Mass Spectrom},
   volume = {5},
   number = {11},
   pages = {976-89},
   DOI = {10.1016/1044-0305(94)80016-2},
   url = {http://www.ncbi.nlm.nih.gov/pubmed/24226387},
   year = {1994},
   type = {Journal Article}
}

@article{omssa,
   author = {Geer, L. Y. and Markey, S. P. and Kowalak, J. A. and Wagner, L. and Xu, M. and Maynard, D. M. and Yang, X. and Shi, W. and Bryant, S. H.},
   title = {Open mass spectrometry search algorithm},
   journal = {J Proteome Res},
   volume = {3},
   number = {5},
   pages = {958-64},
   DOI = {10.1021/pr0499491},
   url = {http://www.ncbi.nlm.nih.gov/pubmed/15473683},
   year = {2004},
   type = {Journal Article}
}

@article{good,
   author = {Good, D. M. and Wenger, C. D. and McAlister, G. C. and Bai, D. L. and Hunt, D. F. and Coon, J. J.},
   title = {Post-acquisition ETD spectral processing for increased peptide identifications},
   journal = {J Am Soc Mass Spectrom},
   volume = {20},
   number = {8},
   pages = {1435-40},
   DOI = {10.1016/j.jasms.2009.03.006},
   url = {http://www.ncbi.nlm.nih.gov/pubmed/19362853},
   year = {2009},
   type = {Journal Article}
}

@article{qscore,
   author = {Moore, R. E. and Young, M. K. and Lee, T. D.},
   title = {Qscore: an algorithm for evaluating SEQUEST database search results},
   journal = {J Am Soc Mass Spectrom},
   volume = {13},
   number = {4},
   pages = {378-86},
   DOI = {10.1016/S1044-0305(02)00352-5},
   url = {http://www.ncbi.nlm.nih.gov/pubmed/11951976},
   year = {2002},
   type = {Journal Article}
}

@article{mascot,
   author = {Perkins, D. N. and Pappin, D. J. and Creasy, D. M. and Cottrell, J. S.},
   title = {Probability-based protein identification by searching sequence databases using mass spectrometry data},
   journal = {Electrophoresis},
   volume = {20},
   number = {18},
   pages = {3551-67},
   DOI = {10.1002/(SICI)1522-2683(19991201)20:18<3551::AID-ELPS3551>3.0.CO;2-2},
   url = {http://www.ncbi.nlm.nih.gov/pubmed/10612281},
   year = {1999},
   type = {Journal Article}
}

@article{compass,
   author = {Wenger, C. D. and Phanstiel, D. H. and Lee, M. V. and Bailey, D. J. and Coon, J. J.},
   title = {COMPASS: a suite of pre- and post-search proteomics software tools for OMSSA},
   journal = {Proteomics},
   volume = {11},
   number = {6},
   pages = {1064-74},
   DOI = {10.1002/pmic.201000616},
   url = {http://www.ncbi.nlm.nih.gov/pubmed/21298793},
   year = {2011},
   type = {Journal Article}
}

